@book{dhillon2016,
	author={Dhillon, Vikram},
	title={Creating Blogs with Jekyll},
	subtitle={Build elegant and minimalistic static blogs},
	publisher={Apress},
	isbn={978-1-4842-1464-0},
	location={Orlando, FL},
	year={2016},
	hyphenation={english}
}

@book{loeliger2012version,
	title={Version Control with Git: Powerful tools and techniques for collaborative software development},
  author={Loeliger, J. and McCullough, M.},
  isbn={9781449345044},
  url={https://books.google.at/books?id=qIucp61eqAwC},
  year={2012},
  publisher={O'Reilly Media}
}

@book{cantelon2017node,
  title={Node.Js in Action},
  author={Cantelon, M. and Young, A.R. and Harter, M. and Rajlich, N. and Holowaychuk, T.J.},
  isbn={9781617292576},
  url={https://books.google.at/books?id=YzfuvQAACAAJ},
  year={2017},
  publisher={Manning Publications Company}
}

@inproceedings{ray2014github,
  author = {Ray, Baishakhi and Posnett, Daryl and Filkov, Vladimir and Devanbu, Premkumar},
  title = {A Large Scale Study of Programming Languages and Code Quality in Github},
  booktitle = {Proceedings of the 22Nd ACM SIGSOFT International Symposium on Foundations of Software Engineering},
  series = {FSE 2014},
  year = {2014},
  isbn = {978-1-4503-3056-5},
  location = {Hong Kong, China},
  pages = {155--165},
  numpages = {11},
  url = {http://doi.acm.org/10.1145/2635868.2635922},
  doi = {10.1145/2635868.2635922},
  acmid = {2635922},
  publisher = {ACM},
  address = {New York, NY, USA},
  keywords = {bug fix, code quality, empirical research, programming language, regression analysis, software domain, type system},
}

@inproceedings{Hunt1975,
  title={An Algorithm for Differential File Comparison},
  author={Hunt, J. W. and McIlroy, M. D.},
  year={1975}
}

@inproceedings{Jackson1994,
  author={Jackson, D. and Ladd, D. A.},
  booktitle={Proceedings 1994 International Conference on Software Maintenance},
  title={Semantic Diff: a tool for summarizing the effects of modifications},
  year={1994},
  pages={243-252},
  keywords={configuration management;input-output programs;program diagnostics;real-time systems;software tools;Semantic Diff;local variable renaming;meaning-preserving transformations;observable input-output behaviour;procedure versions;program dependence graphs;real-time system;report generation;semantic differences;software modification effects summarization;spurious differences;syntactic components;Real-time systems;Software fault diagnosis;Software tools},
  doi={10.1109/ICSM.1994.336770},
  month={Sep}
}
